<record><leader>00000cas a22000007a 4500</leader><controlfield tag="001">36071679</controlfield><controlfield tag="008">961211d196419uuazu x ne      0    0eng d</controlfield><datafield ind1=" " ind2=" " tag="010"><subfield code="a">sn 96060916 </subfield></datafield><datafield ind1=" " ind2=" " tag="040"><subfield code="a">ANN</subfield><subfield code="b">eng</subfield><subfield code="c">ANN</subfield><subfield code="d">OCLCQ</subfield><subfield code="d">OCLCF</subfield><subfield code="d">OCLCO</subfield></datafield><datafield ind1="1" ind2=" " tag="029"><subfield code="a">AU@</subfield><subfield code="b">000012971635</subfield></datafield><datafield ind1=" " ind2=" " tag="042"><subfield code="a">msc</subfield></datafield><datafield ind1="0" ind2=" " tag="130"><subfield code="a">Heliograph (Douglas, Ariz.)</subfield></datafield><datafield ind1="0" ind2="4" tag="245"><subfield code="a">The heliograph.</subfield></datafield><datafield ind1="1" ind2="3" tag="246"><subfield code="a">Cochise heliograph.</subfield></datafield><datafield ind1=" " ind2=" " tag="260"><subfield code="a">Douglas, Ariz. :</subfield><subfield code="b">Cochise College,</subfield><subfield code="c">1964-</subfield></datafield><datafield ind1=" " ind2=" " tag="300"><subfield code="a">v.</subfield></datafield><datafield ind1=" " ind2=" " tag="310"><subfield code="a">Four issues a school year</subfield></datafield><datafield ind1="0" ind2=" " tag="362"><subfield code="a">Vol. 1, no. 1 (Dec. 7, 1964)-</subfield></datafield><datafield ind1=" " ind2="0" tag="650"><subfield code="a">College student newspapers and periodicals</subfield><subfield code="z">Arizona</subfield><subfield code="z">Douglas.</subfield></datafield><datafield ind1=" " ind2="0" tag="651"><subfield code="a">Douglas (Ariz.)</subfield><subfield code="v">Newspapers.</subfield></datafield><datafield ind1=" " ind2="7" tag="655"><subfield code="a">Newspapers.</subfield><subfield code="2">fast</subfield><subfield code="0">(OCoLC)fst01423814</subfield></datafield><datafield ind1=" " ind2="7" tag="650"><subfield code="a">College student newspapers and periodicals.</subfield><subfield code="2">fast</subfield><subfield code="0">(OCoLC)fst00867966</subfield></datafield><datafield ind1=" " ind2="7" tag="651"><subfield code="a">Arizona</subfield><subfield code="z">Douglas.</subfield><subfield code="2">fast</subfield><subfield code="0">(OCoLC)fst01218843</subfield></datafield><datafield ind1=" " ind2=" " tag="752"><subfield code="a">United States</subfield><subfield code="b">Arizona</subfield><subfield code="c">Cochise</subfield><subfield code="d">Douglas.</subfield></datafield></record>